% This file was created with JabRef 2.1 beta 2.
% Encoding: GB2312

% 博士论文
@phdthesis{caption,
  author      = {name},
  title       = {title},
  school      = {北京航空航天大学},
  year        = {2020}
}

% 期刊文章
@article{article,
	author = {Fan, Jianqing and Samworth, Richard and Wu, Yichao},
	year = {2009},
	month = {09},
	pages = {2013-2038},
	title = {Ultrahigh Dimensional Feature Selection: Beyond The Linear Model},
	volume = {10},
	journal = {Journal of machine learning research : JMLR},
	doi = {10.1145/1577069.1755853}
}

